@Article{aw,
  author = 		 {Abate,J. and Whitt,W. },
  title = 		 {Numerical Inversion of {L}aplace Transforms of
                  Probability Distributions},
  journal = 	 {ORSA Journal of Computing},
  year = 		 {Winter 1995},
  volume =		 7,
  number =		 1
}

@Article{ll,
  author =       {Labart, C. and Lelong, J.},
  title =        {Pricing double barrier Parisian options},
  journal =      {International Journal of theoretical and applied Finance},
  year =         2009,
  volume =    12,
  number =    1
}
